%% This BibTeX bibliography file was created using BibDesk.
%% http://bibdesk.sourceforge.net/


%% Created for David Andersson at 2015-05-24 11:02:42 +0200 


%% Saved with string encoding Unicode (UTF-8) 



@book{social,
	Date-Added = {2015-05-24 09:00:12 +0000},
	Date-Modified = {2015-05-24 09:00:44 +0000},
	Publisher = {Socialstyrelsen},
	Title = {H{\"a}lso- och sjukv{\aa}rd J{\"a}mf{\"o}relser mellan landsting},
	Year = {2013}}

@article{svt,
	Author = {Niklas Forsberg and {\"O}rjan Magnusson and Diana Olofsson},
	Date-Added = {2015-05-24 08:45:19 +0000},
	Date-Modified = {2015-05-24 08:46:12 +0000},
	Journal = {SVT},
	Title = {Nu har l{\"a}karna tr{\"o}ttnat p{\aa} byr{\aa}kratin},
	Year = {2014}}

@article{maalqvist2011styrformer,
	Author = {M{\aa}lqvist, Ingela and {\AA}borg, Carl and Forsman, Mikael},
	Journal = {Stockholm, Sweden: Institutionen f{\"o}r folkh{\"a}lsovetenskap, Karolinska Institutet},
	Title = {Styrformer och arbetsf{\"o}rh{\aa}llanden inom v{\aa}rd och omsorg--en kunskapssammanst{\"a}llning om New Public Management},
	Year = {2011}}

@book{porter2006redefining,
	Author = {Porter, Michael E and Teisberg, Elizabeth Olmsted},
	Publisher = {Harvard Business Press},
	Title = {Redefining health care: creating value-based competition on results},
	Year = {2006}}

@misc{intervjuwiklund1,
	Author = {Wiklund, Erik},
	Howpublished = {Intervju},
	Month = {Mars. 25},
	Year = {2015}}

@article{zaremba,
	Author = {Zaremba, Maciej},
	Journal = {Dagens Nyheter},
	Title = {Den ol{\"o}nsamma patienten},
	Year = {2013}}

@book{nordenstrom2014vardebaserad,
	Author = {Nordenstr{\"o}m, J{\"o}rgen},
	Publisher = {Karolinska Institutet University Press, Stockholm},
	Title = {V{\"a}rdebaserad V{\aa}rd-{\"A}r vi s{\aa} bra vi kan bli?},
	Year = {2014}}

@article{engstrom,
	Author = {Engstr{\"o}m, Ingemar},
	Journal = {Dagens Nyheter},
	Title = {NPM en av de viktigaste fr{\aa}gorna},
	Year = {2013}}
